@MASTERSTHESIS{KEYG,
  author = {A, B and C, D and E, F and G, H},
  title = {xxxxxxxxxxx xxxxxxxxxxxxxxxxxxxxx xx xxxxxxxxxxxxxxxxxxxx xxxxx xxxxxxxxxxxx
	xxxxxxxxxxxxxxx xxx xxxxxxxxxxxxxxxxxx},
  school = {xxxxxxxxxx xxxxxxx},
  type = {Masterarbeit},
  year = {2020},
}

@MASTERSTHESIS{KEYH,
   author = {A, B and C, D and E, F},
   title = {xxxxxxxxxxx xxx xxxxxxxxx xxxxx xxxxxxxx xxx xxxxxxxxxx xxx xxxxxxxxxxxxxxxxxxxxxxxxxxx
      xx xxxxxx xxx xxxxxxxxxxxx xxxxxxxxxxx xx xxxxxxxxxxxx xxxxxxxxxxxxxxxx},
   school = {xxxxxxxxxx xxxxxxxx xxxxxxxx xxx xxxxxxxxxxxxx xxxxxxxxxxxxxxx
      xxx xxxxxxxxxxxxxxx},
   type = {Diplomarbeit},
   year = {2019},
}
