@BOOK{KEYA,
  author = {A, B and C, D},
  title = {xxxxxxxxxxxxxxxxxxxx xxxxx xxxxxxx},
  year = {2018},
  url = {http://www.xxxxxx.de/xxx}
}


@PHDTHESIS{KEYB,
   author = {A, B},
   title = {xxxxxxxxx xxx xxxxxxxxxxx xxx xxxxxxxxxxxxxxxxxxx xxxxxxx xxxxxxxxxxxxxxxxxxxxxxxxxx},
   school = {xxxxxxxxxxxxxxxxxxxxxx xxxxxxxxxx xxxxxxxxxx xxxxxxx xxxxxxxx xxx
   xxxxxxxxxxxxxxx},
   year = {2015},
}

@ARTICLE{KEYC,
  author = {A, B and C, D},
  title = {xxx xxxxx xxxxx xxxxxxxxxxx},
  journal = {xxxxxxxxxxxx},
  year = {2012},
  volume = {x},
  pages = {xx-xx},
}

@BOOK{KEYD,
   author = {A, B and C, D},
   title = {xxxxxxxxxxxxxxxxxx xxx xxxxxxxxxx xxxxxxxxxxx xxxxxxxx xx xxxxxxxxxxxx
   xxx xxxxxxxxxxxxx xx xxxxxxxxx xxx xxxxxxxxxxxxxxx},
   publisher = {xxxxxxxxxxxxxxx xxxxxx xxxxxxxxxx},
   year = {2014},
   edition = {x},
}
