@ARTICLE{KEYE,
  author = {A, B and C, D},
  title = {xxxxxxxxxxxxxxxxx xxxxxxxxxxxxxxxxxx xxx xxxxxx xxx xxxxxxxxxxx xxxxxxxxxx
	xxxxxxxxxxxxxxxxxxx},
  journal = {xxxxxxxxxxxxxxxxx xxxxxxxxxxxx xxx xxxxxxxxxxxxxxxxxx xx xxxxx xxxx},
  year = {2019},
  volume = {x},
  pages = {xx-xx},
}

@ARTICLE{KEYF,
   author = {A, B and C, D and E, F},
   title = {xxxxxx xxx xxxxxxxxxx xxx xxxxxxxxxxxxxxxx xxx xxx xxxxxxxxxxxxxxx
   xxxxxxxxxxx xxxxxxxxxxxx xxxxxxxxxx xxx xxxxx xxxxx xxxxxxxxxxxxxxxxxx},
   journal = {xx xxxxxx xxxxxx xxxxxxxxxxxxxxxxxxx xxxxxxxxx xxx xxxxxxxxx xxxxxxxxxxx},
   year = {2018},
}
